<?xml version="1.0" encoding="UTF-8"?><collection xmlns="http://www.loc.gov/MARC21/slim"><record><leader>00364nam--2200121-i-4500</leader><controlfield tag="001">000046013</controlfield><controlfield tag="002">20161230</controlfield><controlfield tag="005">20161230201045</controlfield><controlfield tag="008">060222s1000------------r-----000-0-eng-d</controlfield><datafield ind1=" " ind2=" " tag="100"><subfield code="a">Van Der Straaten, H</subfield></datafield><datafield ind1=" " ind2=" " tag="245"><subfield code="a">Some exchange reactions investigated by means of radioactive isotopes. teza</subfield></datafield><datafield ind1=" " ind2=" " tag="260"><subfield code="a">Amsterdam, Faculteit Der Genneskunde, 1958, 116p</subfield></datafield><datafield ind1=" " ind2=" " tag="852"><subfield code="a">19136</subfield></datafield></record></collection>